<record xmlns="http://www.loc.gov/MARC21/slim" xmlns:xsi="http://www.w3.org/2001/XMLSchema-instance" xsi:schemaLocation="http://www.loc.gov/MARC21/slim http://www.loc.gov/standards/marcxml/schema/MARC21slim.xsd"><leader>01079cz   2200253n  4500</leader><controlfield tag="001">oca00891651 </controlfield><controlfield tag="005">20050128114312.0</controlfield><controlfield tag="008">840127n| acannaab           |a aaa      </controlfield><datafield ind1=" " ind2=" " tag="010"><subfield code="a">n  82249198 </subfield></datafield><datafield ind1=" " ind2=" " tag="040"><subfield code="a">DLC</subfield><subfield code="c">DLC</subfield><subfield code="d">DLC</subfield><subfield code="d">NIC</subfield><subfield code="d">DLC</subfield></datafield><datafield ind1="0" ind2=" " tag="100"><subfield code="a">Priscian,</subfield><subfield code="d">fl. ca. 500-530</subfield></datafield><datafield ind1="0" ind2=" " tag="400"><subfield code="a">Priscianus,</subfield><subfield code="d">fl. ca. 500-530</subfield></datafield><datafield ind1="0" ind2=" " tag="400"><subfield code="a">Prisciano,</subfield><subfield code="d">fl. ca. 500-530</subfield></datafield><datafield ind1="0" ind2=" " tag="400"><subfield code="a">Priscianus,</subfield><subfield code="c">Caesariensis,</subfield><subfield code="d">fl. ca. 500-530</subfield></datafield><datafield ind1="0" ind2=" " tag="400"><subfield code="a">Priscien,</subfield><subfield code="d">fl. ca. 500-530</subfield></datafield><datafield ind1="0" ind2=" " tag="400"><subfield code="a">Priscianus,</subfield><subfield code="c">Lydi,</subfield><subfield code="d">fl. ca. 500-530</subfield></datafield><datafield ind1="0" ind2=" " tag="400"><subfield code="a">Priscian,</subfield><subfield code="c">of Lydia,</subfield><subfield code="d">fl. ca. 500-530</subfield></datafield><datafield ind1=" " ind2=" " tag="667"><subfield code="a">Old catalog heading: Priscianus</subfield></datafield><datafield ind1=" " ind2=" " tag="670"><subfield code="a">Ballaira, G. Per il catalogo dei codici di Prisciano, 1982:</subfield><subfield code="b">t.p. (Prisciano) p. 1 (Priscianus)</subfield></datafield><datafield ind1=" " ind2=" " tag="670"><subfield code="a">LC data base, 1-25-84</subfield><subfield code="b">(hdg.: Priscianus)</subfield></datafield><datafield ind1=" " ind2=" " tag="670"><subfield code="a">Encyc. brit.</subfield><subfield code="b">(Priscian, in full Priscianus Caesariensis (fl. c. AD 500))</subfield></datafield><datafield ind1=" " ind2=" " tag="670"><subfield code="a">Oxford</subfield><subfield code="b">(Priscian [L. Priscianus], c. 500-530)</subfield></datafield><datafield ind1=" " ind2=" " tag="670"><subfield code="a">Chauvot, A. Procope de Gaza, Priscien de CeÌ&#x81;sareÌ&#x81;e ... 1986.</subfield></datafield><datafield ind1=" " ind2=" " tag="670"><subfield code="a">Supplementum Aristotelicum, 1976:</subfield><subfield code="b">v. 1, pt. 2, t.p. (Prisciani Lydi)</subfield></datafield></record>